<?xml version="1.0" encoding="UTF-8"?><collection xmlns="http://www.loc.gov/MARC21/slim"><record><leader>00346nam--2200121-i-4500</leader><controlfield tag="001">000021194</controlfield><controlfield tag="002">20161230</controlfield><controlfield tag="005">20161230201034</controlfield><controlfield tag="008">060222s1000------------r-----000-0-eng-d</controlfield><datafield ind1=" " ind2=" " tag="100"><subfield code="a">Heitler, W</subfield></datafield><datafield ind1=" " ind2=" " tag="245"><subfield code="a">Elementary wave mechanics. with applications to quantum chemistry</subfield></datafield><datafield ind1=" " ind2=" " tag="260"><subfield code="a">Oxfor, Clarendon Press, 1956, Viii + 193p. Cu Fig</subfield></datafield><datafield ind1=" " ind2=" " tag="852"><subfield code="a">11832</subfield></datafield></record></collection>